
@article{QAnalysis,
  title={A quantitative analysis of current practices in optical flow estimation and the principles behind them},
  author={Sun, Deqing and Roth, Stefan and Black, Michael},
  journal={International Journal of Computer Vision},
  volume={106},
  number={2},
  pages={115--137},
  year={2014},
  publisher={Springer}
}





@inproceedings{HSOpticalFlow,
  title={Determining optical flow},
  author={Horn, Berthold K and Schunck, Brian},
  booktitle={1981 Technical Symposium East},
  pages={319--331},
  year={1981},
  organization={International Society for Optics and Photonics}
}


@inproceedings{sun2010,
  title={Secrets of optical flow estimation and their principles},
  author={Sun, Deqing and Roth, Stefan and Black, Michael J},
  booktitle={Computer Vision and Pattern Recognition (CVPR), 2010 IEEE Conference on},
  pages={2432--2439},
  year={2010},
  organization={IEEE}
}


@article{drulea2013,
  title={Motion estimation using the correlation transform},
  author={Drulea, Marius and Nedevschi, Sergiu},
  journal={Image Processing, IEEE Transactions on},
  volume={22},
  number={8},
  pages={3260--3270},
  year={2013},
  publisher={IEEE}
}


@article{bouguet2001,
  title={Pyramidal implementation of the affine lucas kanade feature tracker description of the algorithm},
  author={Bouguet, Jean-Yves},
  journal={Intel Corporation},
  volume={5},
  pages={1--10},
  year={2001}
}

@article{barron1994,
  title={Performance of optical flow techniques},
  author={Barron, John L and Fleet, David J and Beauchemin, Steven S},
  journal={International journal of computer vision},
  volume={12},
  number={1},
  pages={43--77},
  year={1994},
  publisher={Springer}
}


@incollection{wedel2009,
  title={An improved algorithm for TV-L 1 optical flow},
  author={Wedel, Andreas and Pock, Thomas and Zach, Christopher and Bischof, Horst and Cremers, Daniel},
  booktitle={Statistical and Geometrical Approaches to Visual Motion Analysis},
  pages={23--45},
  year={2009},
  publisher={Springer}
}

@inproceedings{wedel2008,
  title={Duality TV-L1 flow with fundamental matrix prior},
  author={Wedel, A and Pock, T and Braun, J and Franke, U and Cremers, D},
  booktitle={Image and Vision Computing New Zealand, 2008. IVCNZ 2008. 23rd International Conference},
  pages={1--6},
  year={2008},
  organization={IEEE}
}


@incollection{fleet2006,
  title={Optical flow estimation},
  author={Fleet, David and Weiss, Yair},
  booktitle={Handbook of Mathematical Models in Computer Vision},
  pages={237--257},
  year={2006},
  publisher={Springer}
}

@inproceedings{lucas1981,
  title={An iterative image registration technique with an application to stereo vision.},
  author={Lucas, Bruce D and Kanade, Takeo and others},
  booktitle={IJCAI},
  volume={81},
  pages={674--679},
  year={1981}
}
@book{mitiche2014computer,
  title={Computer Vision Analysis of Image Motion by Variational Methods},
  author={Mitiche, Amar and Aggarwal, Jagdishkumar Keshoram},
  year={2014},
  publisher={Springer}
}


@book{wedel2011stereo,
  title={Stereo scene flow for 3D motion analysis},
  author={Wedel, Andreas and Cremers, Daniel},
  year={2011},
  publisher={Springer Science \& Business Media}
}


@inproceedings{tomasi1998bilateral,
  title={Bilateral filtering for gray and color images},
  author={Tomasi, Carlo and Manduchi, Roberto},
  booktitle={Computer Vision, 1998. Sixth International Conference on},
  pages={839--846},
  year={1998},
  organization={IEEE}
}

@online{middleburry,

  url = {http://flow.middlebury.com},

}

@article{gibson1950perception,
  title={The perception of the visual world.},
  author={Gibson, James J},
  year={1950},
  publisher={Houghton Mifflin}
}

@article{gibson1957optical,
  title={Optical motions and transformations as stimuli for visual perception.},
  author={Gibson, James J},
  journal={Psychological Review},
  volume={64},
  number={5},
  pages={288},
  year={1957},
  publisher={American Psychological Association}
}

@article{baker2011database,
  title={A database and evaluation methodology for optical flow},
  author={Baker, Simon and Scharstein, Daniel and Lewis, JP and Roth, Stefan and Black, Michael J and Szeliski, Richard},
  journal={International Journal of Computer Vision},
  volume={92},
  number={1},
  pages={1--31},
  year={2011},
  publisher={Springer}
}

@article{fu2006efficient,
  title={Efficient minimization methods of mixed l2-l1 and l1-l1 norms for image restoration},
  author={Fu, Haoying and Ng, Michael K and Nikolova, Mila and Barlow, Jesse L},
  journal={SIAM Journal on Scientific computing},
  volume={27},
  number={6},
  pages={1881--1902},
  year={2006},
  publisher={SIAM}
}




@inproceedings{nagel1983constraints,
  title={Constraints for the Estimation of Displacement Vector Fields From Image Sequences.},
  author={Nagel, Hans-Hellmut and others},
  booktitle={IJCAI},
  pages={945--951},
  year={1983},
  organization={Citeseer}
}


@article{trobin,
  title={Local, Semi-global, and Global Optimization for Motion Estimation},
  author={Trobin, Werner},
  year={2009}
}


@incollection{stein2004efficient,
  title={Efficient computation of optical flow using the census transform},
  author={Stein, Fridtjof},
  booktitle={Pattern Recognition},
  pages={79--86},
  year={2004},
  publisher={Springer}
}

@article{parikh2013proximal,
  title={Proximal algorithms},
  author={Parikh, Neal and Boyd, Stephen},
  journal={Foundations and Trends in optimization},
  volume={1},
  number={3},
  pages={123--231},
  year={2013}
}
